%YAML 1.1
%TAG !u! tag:unity3d.com,2011:
--- !u!1 &157232024689372550
GameObject:
  m_ObjectHideFlags: 0
  m_CorrespondingSourceObject: {fileID: 0}
  m_PrefabInstance: {fileID: 0}
  m_PrefabAsset: {fileID: 0}
  serializedVersion: 6
  m_Component:
  - component: {fileID: 2339395112944996454}
  m_Layer: 0
  m_Name: mixamorig6:Spine1
  m_TagString: Untagged
  m_Icon: {fileID: 0}
  m_NavMeshLayer: 0
  m_StaticEditorFlags: 0
  m_IsActive: 1
--- !u!4 &2339395112944996454
Transform:
  m_ObjectHideFlags: 0
  m_CorrespondingSourceObject: {fileID: 0}
  m_PrefabInstance: {fileID: 0}
  m_PrefabAsset: {fileID: 0}
  m_GameObject: {fileID: 157232024689372550}
  m_LocalRotation: {x: 8.6736174e-19, y: -3.2803082e-14, z: 6.826643e-13, w: 1}
  m_LocalPosition: {x: -0, y: 0.073417425, z: 2.3889352e-11}
  m_LocalScale: {x: 1, y: 1, z: 1}
  m_Children:
  - {fileID: 862796994857313838}
  m_Father: {fileID: 2785931916220613272}
  m_RootOrder: 0
  m_LocalEulerAnglesHint: {x: 0, y: 0, z: 0}
--- !u!1 &202895368485049705
GameObject:
  m_ObjectHideFlags: 0
  m_CorrespondingSourceObject: {fileID: 0}
  m_PrefabInstance: {fileID: 0}
  m_PrefabAsset: {fileID: 0}
  serializedVersion: 6
  m_Component:
  - component: {fileID: 5792327201238083066}
  m_Layer: 0
  m_Name: mixamorig6:RightArm
  m_TagString: Untagged
  m_Icon: {fileID: 0}
  m_NavMeshLayer: 0
  m_StaticEditorFlags: 0
  m_IsActive: 1
--- !u!4 &5792327201238083066
Transform:
  m_ObjectHideFlags: 0
  m_CorrespondingSourceObject: {fileID: 0}
  m_PrefabInstance: {fileID: 0}
  m_PrefabAsset: {fileID: 0}
  m_GameObject: {fileID: 202895368485049705}
  m_LocalRotation: {x: -0.18580496, y: 0.003822448, z: -0.00068303104, w: 0.982579}
  m_LocalPosition: {x: 2.9196866e-12, y: 0.064353645, z: 7.011067e-12}
  m_LocalScale: {x: 1, y: 1, z: 1}
  m_Children:
  - {fileID: 1645528243393864919}
  m_Father: {fileID: 779139015448140064}
  m_RootOrder: 0
  m_LocalEulerAnglesHint: {x: 0, y: 0, z: 0}
--- !u!1 &348309441278137231
GameObject:
  m_ObjectHideFlags: 0
  m_CorrespondingSourceObject: {fileID: 0}
  m_PrefabInstance: {fileID: 0}
  m_PrefabAsset: {fileID: 0}
  serializedVersion: 6
  m_Component:
  - component: {fileID: 5864829795685805034}
  m_Layer: 0
  m_Name: mixamorig6:LeftFoot
  m_TagString: Untagged
  m_Icon: {fileID: 0}
  m_NavMeshLayer: 0
  m_StaticEditorFlags: 0
  m_IsActive: 1
--- !u!4 &5864829795685805034
Transform:
  m_ObjectHideFlags: 0
  m_CorrespondingSourceObject: {fileID: 0}
  m_PrefabInstance: {fileID: 0}
  m_PrefabAsset: {fileID: 0}
  m_GameObject: {fileID: 348309441278137231}
  m_LocalRotation: {x: 0.46571487, y: 0.014405812, z: -0.027955981, w: 0.8843758}
  m_LocalPosition: {x: -0.0002272188, y: 0.2454587, z: 0.0004206247}
  m_LocalScale: {x: 1, y: 1, z: 1}
  m_Children:
  - {fileID: 6857650728512893107}
  m_Father: {fileID: 953843813677312207}
  m_RootOrder: 0
  m_LocalEulerAnglesHint: {x: 0, y: 0, z: 0}
--- !u!1 &431211877483525162
GameObject:
  m_ObjectHideFlags: 0
  m_CorrespondingSourceObject: {fileID: 0}
  m_PrefabInstance: {fileID: 0}
  m_PrefabAsset: {fileID: 0}
  serializedVersion: 6
  m_Component:
  - component: {fileID: 8952629986233167069}
  m_Layer: 0
  m_Name: mixamorig6:LeftHandPinky3
  m_TagString: Untagged
  m_Icon: {fileID: 0}
  m_NavMeshLayer: 0
  m_StaticEditorFlags: 0
  m_IsActive: 1
--- !u!4 &8952629986233167069
Transform:
  m_ObjectHideFlags: 0
  m_CorrespondingSourceObject: {fileID: 0}
  m_PrefabInstance: {fileID: 0}
  m_PrefabAsset: {fileID: 0}
  m_GameObject: {fileID: 431211877483525162}
  m_LocalRotation: {x: 0.00039775306, y: 0.0049955626, z: 0.009547322, w: 0.9999419}
  m_LocalPosition: {x: 0.0004905658, y: -0.025855357, z: -0.000023129885}
  m_LocalScale: {x: 1, y: 1, z: 1}
  m_Children:
  - {fileID: 4242071508280345145}
  m_Father: {fileID: 4998092134260066421}
  m_RootOrder: 0
  m_LocalEulerAnglesHint: {x: 0, y: 0, z: 0}
--- !u!1 &483179890412703855
GameObject:
  m_ObjectHideFlags: 0
  m_CorrespondingSourceObject: {fileID: 0}
  m_PrefabInstance: {fileID: 0}
  m_PrefabAsset: {fileID: 0}
  serializedVersion: 6
  m_Component:
  - component: {fileID: 9180460751641187895}
  m_Layer: 0
  m_Name: mixamorig6:LeftHandMiddle1
  m_TagString: Untagged
  m_Icon: {fileID: 0}
  m_NavMeshLayer: 0
  m_StaticEditorFlags: 0
  m_IsActive: 1
--- !u!4 &9180460751641187895
Transform:
  m_ObjectHideFlags: 0
  m_CorrespondingSourceObject: {fileID: 0}
  m_PrefabInstance: {fileID: 0}
  m_PrefabAsset: {fileID: 0}
  m_GameObject: {fileID: 483179890412703855}
  m_LocalRotation: {x: -0.11422684, y: -0.064433746, z: -0.014004499, w: 0.99126405}
  m_LocalPosition: {x: -0.0046562552, y: -0.09606276, z: 0.020310713}
  m_LocalScale: {x: 1, y: 1, z: 1}
  m_Children:
  - {fileID: 464901592502329989}
  m_Father: {fileID: 5358734703563926644}
  m_RootOrder: 1
  m_LocalEulerAnglesHint: {x: 0, y: 0, z: 0}
--- !u!1 &506339864201497120
GameObject:
  m_ObjectHideFlags: 0
  m_CorrespondingSourceObject: {fileID: 0}
  m_PrefabInstance: {fileID: 0}
  m_PrefabAsset: {fileID: 0}
  serializedVersion: 6
  m_Component:
  - component: {fileID: 6265528855137615525}
  m_Layer: 0
  m_Name: mixamorig6:RightUpLeg
  m_TagString: Untagged
  m_Icon: {fileID: 0}
  m_NavMeshLayer: 0
  m_StaticEditorFlags: 0
  m_IsActive: 1
--- !u!4 &6265528855137615525
Transform:
  m_ObjectHideFlags: 0
  m_CorrespondingSourceObject: {fileID: 0}
  m_PrefabInstance: {fileID: 0}
  m_PrefabAsset: {fileID: 0}
  m_GameObject: {fileID: 506339864201497120}
  m_LocalRotation: {x: 0.00048495003, y: -0.002814233, z: 0.9999712, w: -0.007031745}
  m_LocalPosition: {x: 0.07293951, y: -0.03492218, z: -0.008851045}
  m_LocalScale: {x: 1, y: 1, z: 1}
  m_Children:
  - {fileID: 4184706975419185178}
  m_Father: {fileID: 4780508553256940150}
  m_RootOrder: 1
  m_LocalEulerAnglesHint: {x: 0, y: 0, z: 0}
--- !u!1 &552203606533326844
GameObject:
  m_ObjectHideFlags: 0
  m_CorrespondingSourceObject: {fileID: 0}
  m_PrefabInstance: {fileID: 0}
  m_PrefabAsset: {fileID: 0}
  serializedVersion: 6
  m_Component:
  - component: {fileID: 5230881086615223363}
  m_Layer: 0
  m_Name: mixamorig6:Neck
  m_TagString: Untagged
  m_Icon: {fileID: 0}
  m_NavMeshLayer: 0
  m_StaticEditorFlags: 0
  m_IsActive: 1
--- !u!4 &5230881086615223363
Transform:
  m_ObjectHideFlags: 0
  m_CorrespondingSourceObject: {fileID: 0}
  m_PrefabInstance: {fileID: 0}
  m_PrefabAsset: {fileID: 0}
  m_GameObject: {fileID: 552203606533326844}
  m_LocalRotation: {x: -0.0072022965, y: -6.7760875e-21, z: 4.8804647e-23, w: 0.9999741}
  m_LocalPosition: {x: -0, y: 0.09439387, z: 3.6690123e-10}
  m_LocalScale: {x: 1, y: 1, z: 1}
  m_Children:
  - {fileID: 3030811618072752012}
  m_Father: {fileID: 862796994857313838}
  m_RootOrder: 1
  m_LocalEulerAnglesHint: {x: 0, y: 0, z: 0}
--- !u!1 &672000167878642151
GameObject:
  m_ObjectHideFlags: 0
  m_CorrespondingSourceObject: {fileID: 0}
  m_PrefabInstance: {fileID: 0}
  m_PrefabAsset: {fileID: 0}
  serializedVersion: 6
  m_Component:
  - component: {fileID: 3619609183240596566}
  m_Layer: 0
  m_Name: mixamorig6:LeftHandThumb1
  m_TagString: Untagged
  m_Icon: {fileID: 0}
  m_NavMeshLayer: 0
  m_StaticEditorFlags: 0
  m_IsActive: 1
--- !u!4 &3619609183240596566
Transform:
  m_ObjectHideFlags: 0
  m_CorrespondingSourceObject: {fileID: 0}
  m_PrefabInstance: {fileID: 0}
  m_PrefabAsset: {fileID: 0}
  m_GameObject: {fileID: 672000167878642151}
  m_LocalRotation: {x: 0.13166143, y: -0.1234376, z: 0.18989363, w: 0.96507454}
  m_LocalPosition: {x: 0.017762903, y: -0.027255502, z: 0.000459714}
  m_LocalScale: {x: 1, y: 1, z: 1}
  m_Children:
  - {fileID: 5473917594112095534}
  m_Father: {fileID: 5358734703563926644}
  m_RootOrder: 4
  m_LocalEulerAnglesHint: {x: 0, y: 0, z: 0}
--- !u!1 &801855282586268898
GameObject:
  m_ObjectHideFlags: 0
  m_CorrespondingSourceObject: {fileID: 0}
  m_PrefabInstance: {fileID: 0}
  m_PrefabAsset: {fileID: 0}
  serializedVersion: 6
  m_Component:
  - component: {fileID: 4998092134260066421}
  m_Layer: 0
  m_Name: mixamorig6:LeftHandPinky2
  m_TagString: Untagged
  m_Icon: {fileID: 0}
  m_NavMeshLayer: 0
  m_StaticEditorFlags: 0
  m_IsActive: 1
--- !u!4 &4998092134260066421
Transform:
  m_ObjectHideFlags: 0
  m_CorrespondingSourceObject: {fileID: 0}
  m_PrefabInstance: {fileID: 0}
  m_PrefabAsset: {fileID: 0}
  m_GameObject: {fileID: 801855282586268898}
  m_LocalRotation: {x: 0.004572232, y: -0.00041320443, z: -0.001624514, w: 0.99998814}
  m_LocalPosition: {x: 0.0005171085, y: -0.032834366, z: -0.00032867858}
  m_LocalScale: {x: 1, y: 1, z: 1}
  m_Children:
  - {fileID: 8952629986233167069}
  m_Father: {fileID: 5292333317526905411}
  m_RootOrder: 0
  m_LocalEulerAnglesHint: {x: 0, y: 0, z: 0}
--- !u!1 &1024912698363557032
GameObject:
  m_ObjectHideFlags: 0
  m_CorrespondingSourceObject: {fileID: 0}
  m_PrefabInstance: {fileID: 0}
  m_PrefabAsset: {fileID: 0}
  serializedVersion: 6
  m_Component:
  - component: {fileID: 5358734703563926644}
  m_Layer: 0
  m_Name: mixamorig6:LeftHand
  m_TagString: Untagged
  m_Icon: {fileID: 0}
  m_NavMeshLayer: 0
  m_StaticEditorFlags: 0
  m_IsActive: 1
--- !u!4 &5358734703563926644
Transform:
  m_ObjectHideFlags: 0
  m_CorrespondingSourceObject: {fileID: 0}
  m_PrefabInstance: {fileID: 0}
  m_PrefabAsset: {fileID: 0}
  m_GameObject: {fileID: 1024912698363557032}
  m_LocalRotation: {x: 0.9853526, y: -0.009695292, z: 0.13310324, w: -0.106159724}
  m_LocalPosition: {x: -9.420771e-10, y: 0.214442, z: -0.000000030043456}
  m_LocalScale: {x: 1, y: 1, z: 1}
  m_Children:
  - {fileID: 2346666063054171873}
  - {fileID: 9180460751641187895}
  - {fileID: 5292333317526905411}
  - {fileID: 4408586866954233114}
  - {fileID: 3619609183240596566}
  m_Father: {fileID: 4562404960428571861}
  m_RootOrder: 0
  m_LocalEulerAnglesHint: {x: 0, y: 0, z: 0}
--- !u!1 &1140149325497717325
GameObject:
  m_ObjectHideFlags: 0
  m_CorrespondingSourceObject: {fileID: 0}
  m_PrefabInstance: {fileID: 0}
  m_PrefabAsset: {fileID: 0}
  serializedVersion: 6
  m_Component:
  - component: {fileID: 3255201302041769293}
  m_Layer: 0
  m_Name: mixamorig6:RightHandRing1
  m_TagString: Untagged
  m_Icon: {fileID: 0}
  m_NavMeshLayer: 0
  m_StaticEditorFlags: 0
  m_IsActive: 1
--- !u!4 &3255201302041769293
Transform:
  m_ObjectHideFlags: 0
  m_CorrespondingSourceObject: {fileID: 0}
  m_PrefabInstance: {fileID: 0}
  m_PrefabAsset: {fileID: 0}
  m_GameObject: {fileID: 1140149325497717325}
  m_LocalRotation: {x: -0.12871866, y: -0.047911134, z: -0.031067966, w: 0.9900358}
  m_LocalPosition: {x: 0.02682933, y: 0.088526934, z: -0.014581719}
  m_LocalScale: {x: 1, y: 1, z: 1}
  m_Children:
  - {fileID: 7915511756304207632}
  m_Father: {fileID: 4708245378329761565}
  m_RootOrder: 3
  m_LocalEulerAnglesHint: {x: 0, y: 0, z: 0}
--- !u!1 &1394266350727535842
GameObject:
  m_ObjectHideFlags: 0
  m_CorrespondingSourceObject: {fileID: 0}
  m_PrefabInstance: {fileID: 0}
  m_PrefabAsset: {fileID: 0}
  serializedVersion: 6
  m_Component:
  - component: {fileID: 862796994857313838}
  m_Layer: 0
  m_Name: mixamorig6:Spine2
  m_TagString: Untagged
  m_Icon: {fileID: 0}
  m_NavMeshLayer: 0
  m_StaticEditorFlags: 0
  m_IsActive: 1
--- !u!4 &862796994857313838
Transform:
  m_ObjectHideFlags: 0
  m_CorrespondingSourceObject: {fileID: 0}
  m_PrefabInstance: {fileID: 0}
  m_PrefabAsset: {fileID: 0}
  m_GameObject: {fileID: 1394266350727535842}
  m_LocalRotation: {x: 8.6736174e-19, y: -0, z: -8.480255e-30, w: 1}
  m_LocalPosition: {x: -0, y: 0.08390573, z: 3.426619e-11}
  m_LocalScale: {x: 1, y: 1, z: 1}
  m_Children:
  - {fileID: 3576724250617476497}
  - {fileID: 5230881086615223363}
  - {fileID: 779139015448140064}
  m_Father: {fileID: 2339395112944996454}
  m_RootOrder: 0
  m_LocalEulerAnglesHint: {x: 0, y: 0, z: 0}
--- !u!1 &1635638333576440597
GameObject:
  m_ObjectHideFlags: 0
  m_CorrespondingSourceObject: {fileID: 0}
  m_PrefabInstance: {fileID: 0}
  m_PrefabAsset: {fileID: 0}
  serializedVersion: 6
  m_Component:
  - component: {fileID: 1627829697752292782}
  m_Layer: 0
  m_Name: LeftHandThumb4
  m_TagString: Untagged
  m_Icon: {fileID: 0}
  m_NavMeshLayer: 0
  m_StaticEditorFlags: 0
  m_IsActive: 1
--- !u!4 &1627829697752292782
Transform:
  m_ObjectHideFlags: 0
  m_CorrespondingSourceObject: {fileID: 0}
  m_PrefabInstance: {fileID: 0}
  m_PrefabAsset: {fileID: 0}
  m_GameObject: {fileID: 1635638333576440597}
  m_LocalRotation: {x: 0, y: -0, z: -0, w: 1}
  m_LocalPosition: {x: -0.00097562466, y: -0.031828463, z: -0.00000089651576}
  m_LocalScale: {x: 1, y: 1, z: 1}
  m_Children: []
  m_Father: {fileID: 3268521584398171894}
  m_RootOrder: 0
  m_LocalEulerAnglesHint: {x: 0, y: 0, z: 0}
--- !u!1 &1785197175882700824
GameObject:
  m_ObjectHideFlags: 0
  m_CorrespondingSourceObject: {fileID: 0}
  m_PrefabInstance: {fileID: 0}
  m_PrefabAsset: {fileID: 0}
  serializedVersion: 6
  m_Component:
  - component: {fileID: 6146071493721469013}
  m_Layer: 0
  m_Name: mixamorig6:RightToe_End
  m_TagString: Untagged
  m_Icon: {fileID: 0}
  m_NavMeshLayer: 0
  m_StaticEditorFlags: 0
  m_IsActive: 1
--- !u!4 &6146071493721469013
Transform:
  m_ObjectHideFlags: 0
  m_CorrespondingSourceObject: {fileID: 0}
  m_PrefabInstance: {fileID: 0}
  m_PrefabAsset: {fileID: 0}
  m_GameObject: {fileID: 1785197175882700824}
  m_LocalRotation: {x: 0, y: -0, z: -0, w: 1}
  m_LocalPosition: {x: 5.851319e-14, y: 0.073909625, z: -7.677199e-11}
  m_LocalScale: {x: 1, y: 1, z: 1}
  m_Children: []
  m_Father: {fileID: 6711325918897972900}
  m_RootOrder: 0
  m_LocalEulerAnglesHint: {x: 0, y: 0, z: 0}
--- !u!1 &1883808640750067201
GameObject:
  m_ObjectHideFlags: 0
  m_CorrespondingSourceObject: {fileID: 0}
  m_PrefabInstance: {fileID: 0}
  m_PrefabAsset: {fileID: 0}
  serializedVersion: 6
  m_Component:
  - component: {fileID: 4235166599270119173}
  - component: {fileID: 5340333732556827509}
  m_Layer: 0
  m_Name: Ch09
  m_TagString: Untagged
  m_Icon: {fileID: 0}
  m_NavMeshLayer: 0
  m_StaticEditorFlags: 0
  m_IsActive: 1
--- !u!4 &4235166599270119173
Transform:
  m_ObjectHideFlags: 0
  m_CorrespondingSourceObject: {fileID: 0}
  m_PrefabInstance: {fileID: 0}
  m_PrefabAsset: {fileID: 0}
  m_GameObject: {fileID: 1883808640750067201}
  m_LocalRotation: {x: 0, y: -0, z: -0, w: 1}
  m_LocalPosition: {x: -0, y: 0, z: 0}
  m_LocalScale: {x: 1, y: 1, z: 1}
  m_Children: []
  m_Father: {fileID: 3023550962814735114}
  m_RootOrder: 0
  m_LocalEulerAnglesHint: {x: 0, y: 0, z: 0}
--- !u!137 &5340333732556827509
SkinnedMeshRenderer:
  m_ObjectHideFlags: 0
  m_CorrespondingSourceObject: {fileID: 0}
  m_PrefabInstance: {fileID: 0}
  m_PrefabAsset: {fileID: 0}
  m_GameObject: {fileID: 1883808640750067201}
  m_Enabled: 1
  m_CastShadows: 1
  m_ReceiveShadows: 1
  m_DynamicOccludee: 1
  m_MotionVectors: 1
  m_LightProbeUsage: 1
  m_ReflectionProbeUsage: 1
  m_RayTracingMode: 3
  m_RayTraceProcedural: 0
  m_RenderingLayerMask: 1
  m_RendererPriority: 0
  m_Materials:
  - {fileID: 2100000, guid: 653117515126ec0459d2d09a57da4af2, type: 2}
  m_StaticBatchInfo:
    firstSubMesh: 0
    subMeshCount: 0
  m_StaticBatchRoot: {fileID: 0}
  m_ProbeAnchor: {fileID: 0}
  m_LightProbeVolumeOverride: {fileID: 0}
  m_ScaleInLightmap: 1
  m_ReceiveGI: 1
  m_PreserveUVs: 0
  m_IgnoreNormalsForChartDetection: 0
  m_ImportantGI: 0
  m_StitchLightmapSeams: 1
  m_SelectedEditorRenderState: 3
  m_MinimumChartSize: 4
  m_AutoUVMaxDistance: 0.5
  m_AutoUVMaxAngle: 89
  m_LightmapParameters: {fileID: 0}
  m_SortingLayerID: 0
  m_SortingLayer: 0
  m_SortingOrder: 0
  serializedVersion: 2
  m_Quality: 0
  m_UpdateWhenOffscreen: 0
  m_SkinnedMotionVectors: 1
  m_Mesh: {fileID: 3143485803880685963, guid: 9698eef3fbb44ac49a32e2ecc19f986d, type: 3}
  m_Bones:
  - {fileID: 4780508553256940150}
  - {fileID: 2785931916220613272}
  - {fileID: 2339395112944996454}
  - {fileID: 862796994857313838}
  - {fileID: 5230881086615223363}
  - {fileID: 3030811618072752012}
  - {fileID: 2260325876348543637}
  - {fileID: 3576724250617476497}
  - {fileID: 3355018847980136667}
  - {fileID: 4562404960428571861}
  - {fileID: 5358734703563926644}
  - {fileID: 3619609183240596566}
  - {fileID: 5473917594112095534}
  - {fileID: 3268521584398171894}
  - {fileID: 1627829697752292782}
  - {fileID: 2346666063054171873}
  - {fileID: 6203016673845994830}
  - {fileID: 7479165640947232191}
  - {fileID: 6807757930613501685}
  - {fileID: 9180460751641187895}
  - {fileID: 464901592502329989}
  - {fileID: 8936862058565915443}
  - {fileID: 5892559536384634637}
  - {fileID: 4408586866954233114}
  - {fileID: 4870286952070516541}
  - {fileID: 7498944432042459608}
  - {fileID: 9158676864598949304}
  - {fileID: 5292333317526905411}
  - {fileID: 4998092134260066421}
  - {fileID: 8952629986233167069}
  - {fileID: 4242071508280345145}
  - {fileID: 779139015448140064}
  - {fileID: 5792327201238083066}
  - {fileID: 1645528243393864919}
  - {fileID: 4708245378329761565}
  - {fileID: 1424142759918535340}
  - {fileID: 7839922845429484910}
  - {fileID: 4515203578373605592}
  - {fileID: 6662898531117815531}
  - {fileID: 4538236149142157661}
  - {fileID: 3208625815573820465}
  - {fileID: 799392201214011366}
  - {fileID: 3699040101123558904}
  - {fileID: 8926346891872890162}
  - {fileID: 8712854397199766917}
  - {fileID: 1191841883994305588}
  - {fileID: 3224802398008050414}
  - {fileID: 3255201302041769293}
  - {fileID: 7915511756304207632}
  - {fileID: 7674047454905999327}
  - {fileID: 9114295572173899499}
  - {fileID: 8831206259997525128}
  - {fileID: 6659702827365218883}
  - {fileID: 1682395036643840740}
  - {fileID: 4987911059940708660}
  - {fileID: 5017466037988608906}
  - {fileID: 953843813677312207}
  - {fileID: 5864829795685805034}
  - {fileID: 6857650728512893107}
  - {fileID: 2123735122096198053}
  - {fileID: 6265528855137615525}
  - {fileID: 4184706975419185178}
  - {fileID: 2013618629606272633}
  - {fileID: 6711325918897972900}
  - {fileID: 6146071493721469013}
  m_BlendShapeWeights: []
  m_RootBone: {fileID: 4780508553256940150}
  m_AABB:
    m_Center: {x: -0.000050514936, y: 0.09036967, z: 0.12523633}
    m_Extent: {x: 0.75169814, y: 0.87624216, z: 0.3826881}
  m_DirtyAABB: 0
--- !u!1 &2196195438287724916
GameObject:
  m_ObjectHideFlags: 0
  m_CorrespondingSourceObject: {fileID: 0}
  m_PrefabInstance: {fileID: 0}
  m_PrefabAsset: {fileID: 0}
  serializedVersion: 6
  m_Component:
  - component: {fileID: 4870286952070516541}
  m_Layer: 0
  m_Name: mixamorig6:LeftHandRing2
  m_TagString: Untagged
  m_Icon: {fileID: 0}
  m_NavMeshLayer: 0
  m_StaticEditorFlags: 0
  m_IsActive: 1
--- !u!4 &4870286952070516541
Transform:
  m_ObjectHideFlags: 0
  m_CorrespondingSourceObject: {fileID: 0}
  m_PrefabInstance: {fileID: 0}
  m_PrefabAsset: {fileID: 0}
  m_GameObject: {fileID: 2196195438287724916}
  m_LocalRotation: {x: 0.028229892, y: -0.00005036031, z: 0.0030286952, w: 0.9995969}
  m_LocalPosition: {x: 0.0009626865, y: -0.043196473, z: -0.0021212015}
  m_LocalScale: {x: 1, y: 1, z: 1}
  m_Children:
  - {fileID: 7498944432042459608}
  m_Father: {fileID: 4408586866954233114}
  m_RootOrder: 0
  m_LocalEulerAnglesHint: {x: 0, y: 0, z: 0}
--- !u!1 &2503472769592494512
GameObject:
  m_ObjectHideFlags: 0
  m_CorrespondingSourceObject: {fileID: 0}
  m_PrefabInstance: {fileID: 0}
  m_PrefabAsset: {fileID: 0}
  serializedVersion: 6
  m_Component:
  - component: {fileID: 3023550962814735114}
  - component: {fileID: 9157475282681137520}
  m_Layer: 0
  m_Name: BoyCharacter
  m_TagString: Untagged
  m_Icon: {fileID: 0}
  m_NavMeshLayer: 0
  m_StaticEditorFlags: 0
  m_IsActive: 1
--- !u!4 &3023550962814735114
Transform:
  m_ObjectHideFlags: 0
  m_CorrespondingSourceObject: {fileID: 0}
  m_PrefabInstance: {fileID: 0}
  m_PrefabAsset: {fileID: 0}
  m_GameObject: {fileID: 2503472769592494512}
  m_LocalRotation: {x: 0, y: 0, z: 0, w: 1}
  m_LocalPosition: {x: 0, y: 0, z: 0}
  m_LocalScale: {x: 1, y: 1, z: 1}
  m_Children:
  - {fileID: 4235166599270119173}
  - {fileID: 4780508553256940150}
  m_Father: {fileID: 0}
  m_RootOrder: 0
  m_LocalEulerAnglesHint: {x: 0, y: 0, z: 0}
--- !u!95 &9157475282681137520
Animator:
  serializedVersion: 3
  m_ObjectHideFlags: 0
  m_CorrespondingSourceObject: {fileID: 0}
  m_PrefabInstance: {fileID: 0}
  m_PrefabAsset: {fileID: 0}
  m_GameObject: {fileID: 2503472769592494512}
  m_Enabled: 1
  m_Avatar: {fileID: 9000000, guid: 9698eef3fbb44ac49a32e2ecc19f986d, type: 3}
  m_Controller: {fileID: 9100000, guid: 40db3173a05ae3242b1c182a09b0a183, type: 2}
  m_CullingMode: 1
  m_UpdateMode: 0
  m_ApplyRootMotion: 1
  m_LinearVelocityBlending: 0
  m_WarningMessage: 
  m_HasTransformHierarchy: 1
  m_AllowConstantClipSamplingOptimization: 1
  m_KeepAnimatorControllerStateOnDisable: 0
--- !u!1 &2585998540739500677
GameObject:
  m_ObjectHideFlags: 0
  m_CorrespondingSourceObject: {fileID: 0}
  m_PrefabInstance: {fileID: 0}
  m_PrefabAsset: {fileID: 0}
  serializedVersion: 6
  m_Component:
  - component: {fileID: 3576724250617476497}
  m_Layer: 0
  m_Name: mixamorig6:LeftShoulder
  m_TagString: Untagged
  m_Icon: {fileID: 0}
  m_NavMeshLayer: 0
  m_StaticEditorFlags: 0
  m_IsActive: 1
--- !u!4 &3576724250617476497
Transform:
  m_ObjectHideFlags: 0
  m_CorrespondingSourceObject: {fileID: 0}
  m_PrefabInstance: {fileID: 0}
  m_PrefabAsset: {fileID: 0}
  m_GameObject: {fileID: 2585998540739500677}
  m_LocalRotation: {x: 0.5874872, y: -0.39617458, z: 0.5808199, w: 0.40069032}
  m_LocalPosition: {x: -0.02956797, y: 0.0826994, z: 0.0003399923}
  m_LocalScale: {x: 1, y: 1, z: 1}
  m_Children:
  - {fileID: 3355018847980136667}
  m_Father: {fileID: 862796994857313838}
  m_RootOrder: 0
  m_LocalEulerAnglesHint: {x: 0, y: 0, z: 0}
--- !u!1 &2604419257928484871
GameObject:
  m_ObjectHideFlags: 0
  m_CorrespondingSourceObject: {fileID: 0}
  m_PrefabInstance: {fileID: 0}
  m_PrefabAsset: {fileID: 0}
  serializedVersion: 6
  m_Component:
  - component: {fileID: 7915511756304207632}
  m_Layer: 0
  m_Name: mixamorig6:RightHandRing2
  m_TagString: Untagged
  m_Icon: {fileID: 0}
  m_NavMeshLayer: 0
  m_StaticEditorFlags: 0
  m_IsActive: 1
--- !u!4 &7915511756304207632
Transform:
  m_ObjectHideFlags: 0
  m_CorrespondingSourceObject: {fileID: 0}
  m_PrefabInstance: {fileID: 0}
  m_PrefabAsset: {fileID: 0}
  m_GameObject: {fileID: 2604419257928484871}
  m_LocalRotation: {x: 0.02823049, y: -0.000050303566, z: 0.0030271907, w: 0.99959683}
  m_LocalPosition: {x: -0.0009626877, y: 0.043196052, z: 0.0021210588}
  m_LocalScale: {x: 1, y: 1, z: 1}
  m_Children:
  - {fileID: 7674047454905999327}
  m_Father: {fileID: 3255201302041769293}
  m_RootOrder: 0
  m_LocalEulerAnglesHint: {x: 0, y: 0, z: 0}
--- !u!1 &2620839404867901930
GameObject:
  m_ObjectHideFlags: 0
  m_CorrespondingSourceObject: {fileID: 0}
  m_PrefabInstance: {fileID: 0}
  m_PrefabAsset: {fileID: 0}
  serializedVersion: 6
  m_Component:
  - component: {fileID: 4780508553256940150}
  m_Layer: 0
  m_Name: mixamorig6:Hips
  m_TagString: Untagged
  m_Icon: {fileID: 0}
  m_NavMeshLayer: 0
  m_StaticEditorFlags: 0
  m_IsActive: 1
--- !u!4 &4780508553256940150
Transform:
  m_ObjectHideFlags: 0
  m_CorrespondingSourceObject: {fileID: 0}
  m_PrefabInstance: {fileID: 0}
  m_PrefabAsset: {fileID: 0}
  m_GameObject: {fileID: 2620839404867901930}
  m_LocalRotation: {x: 0.0000021875467, y: 0.0000016984613, z: -0.00006883492, w: 1}
  m_LocalPosition: {x: 0.000004775034, y: 0.64021766, z: 0.0118938275}
  m_LocalScale: {x: 1, y: 1, z: 1}
  m_Children:
  - {fileID: 5017466037988608906}
  - {fileID: 6265528855137615525}
  - {fileID: 2785931916220613272}
  m_Father: {fileID: 3023550962814735114}
  m_RootOrder: 1
  m_LocalEulerAnglesHint: {x: 0, y: 0, z: 0}
--- !u!1 &2805282928412280909
GameObject:
  m_ObjectHideFlags: 0
  m_CorrespondingSourceObject: {fileID: 0}
  m_PrefabInstance: {fileID: 0}
  m_PrefabAsset: {fileID: 0}
  serializedVersion: 6
  m_Component:
  - component: {fileID: 4987911059940708660}
  m_Layer: 0
  m_Name: mixamorig6:RightHandPinky4
  m_TagString: Untagged
  m_Icon: {fileID: 0}
  m_NavMeshLayer: 0
  m_StaticEditorFlags: 0
  m_IsActive: 1
--- !u!4 &4987911059940708660
Transform:
  m_ObjectHideFlags: 0
  m_CorrespondingSourceObject: {fileID: 0}
  m_PrefabInstance: {fileID: 0}
  m_PrefabAsset: {fileID: 0}
  m_GameObject: {fileID: 2805282928412280909}
  m_LocalRotation: {x: 0, y: -0, z: -0, w: 1}
  m_LocalPosition: {x: 0.0000019971708, y: 0.01952412, z: -7.271546e-10}
  m_LocalScale: {x: 1, y: 1, z: 1}
  m_Children: []
  m_Father: {fileID: 1682395036643840740}
  m_RootOrder: 0
  m_LocalEulerAnglesHint: {x: 0, y: 0, z: 0}
--- !u!1 &3141094349546850695
GameObject:
  m_ObjectHideFlags: 0
  m_CorrespondingSourceObject: {fileID: 0}
  m_PrefabInstance: {fileID: 0}
  m_PrefabAsset: {fileID: 0}
  serializedVersion: 6
  m_Component:
  - component: {fileID: 2785931916220613272}
  m_Layer: 0
  m_Name: mixamorig6:Spine
  m_TagString: Untagged
  m_Icon: {fileID: 0}
  m_NavMeshLayer: 0
  m_StaticEditorFlags: 0
  m_IsActive: 1
--- !u!4 &2785931916220613272
Transform:
  m_ObjectHideFlags: 0
  m_CorrespondingSourceObject: {fileID: 0}
  m_PrefabInstance: {fileID: 0}
  m_PrefabAsset: {fileID: 0}
  m_GameObject: {fileID: 3141094349546850695}
  m_LocalRotation: {x: 0.007200114, y: -0.0000012026837, z: 0.000068845366, w: 0.9999741}
  m_LocalPosition: {x: -0, y: 0.062922746, z: 0.00090644707}
  m_LocalScale: {x: 1, y: 1, z: 1}
  m_Children:
  - {fileID: 2339395112944996454}
  m_Father: {fileID: 4780508553256940150}
  m_RootOrder: 2
  m_LocalEulerAnglesHint: {x: 0, y: 0, z: 0}
--- !u!1 &3378994939391431464
GameObject:
  m_ObjectHideFlags: 0
  m_CorrespondingSourceObject: {fileID: 0}
  m_PrefabInstance: {fileID: 0}
  m_PrefabAsset: {fileID: 0}
  serializedVersion: 6
  m_Component:
  - component: {fileID: 3224802398008050414}
  m_Layer: 0
  m_Name: mixamorig6:RightHandMiddle4
  m_TagString: Untagged
  m_Icon: {fileID: 0}
  m_NavMeshLayer: 0
  m_StaticEditorFlags: 0
  m_IsActive: 1
--- !u!4 &3224802398008050414
Transform:
  m_ObjectHideFlags: 0
  m_CorrespondingSourceObject: {fileID: 0}
  m_PrefabInstance: {fileID: 0}
  m_PrefabAsset: {fileID: 0}
  m_GameObject: {fileID: 3378994939391431464}
  m_LocalRotation: {x: 0, y: -0, z: -0, w: 1}
  m_LocalPosition: {x: -0.00014262226, y: 0.027829539, z: -0.0000000014521242}
  m_LocalScale: {x: 1, y: 1, z: 1}
  m_Children: []
  m_Father: {fileID: 1191841883994305588}
  m_RootOrder: 0
  m_LocalEulerAnglesHint: {x: 0, y: 0, z: 0}
--- !u!1 &3446313629122321934
GameObject:
  m_ObjectHideFlags: 0
  m_CorrespondingSourceObject: {fileID: 0}
  m_PrefabInstance: {fileID: 0}
  m_PrefabAsset: {fileID: 0}
  serializedVersion: 6
  m_Component:
  - component: {fileID: 2123735122096198053}
  m_Layer: 0
  m_Name: mixamorig6:LeftToe_End
  m_TagString: Untagged
  m_Icon: {fileID: 0}
  m_NavMeshLayer: 0
  m_StaticEditorFlags: 0
  m_IsActive: 1
--- !u!4 &2123735122096198053
Transform:
  m_ObjectHideFlags: 0
  m_CorrespondingSourceObject: {fileID: 0}
  m_PrefabInstance: {fileID: 0}
  m_PrefabAsset: {fileID: 0}
  m_GameObject: {fileID: 3446313629122321934}
  m_LocalRotation: {x: 0, y: -0, z: -0, w: 1}
  m_LocalPosition: {x: -7.780425e-12, y: 0.07431749, z: -6.5370355e-11}
  m_LocalScale: {x: 1, y: 1, z: 1}
  m_Children: []
  m_Father: {fileID: 6857650728512893107}
  m_RootOrder: 0
  m_LocalEulerAnglesHint: {x: 0, y: 0, z: 0}
--- !u!1 &3494721066319067329
GameObject:
  m_ObjectHideFlags: 0
  m_CorrespondingSourceObject: {fileID: 0}
  m_PrefabInstance: {fileID: 0}
  m_PrefabAsset: {fileID: 0}
  serializedVersion: 6
  m_Component:
  - component: {fileID: 1682395036643840740}
  m_Layer: 0
  m_Name: mixamorig6:RightHandPinky3
  m_TagString: Untagged
  m_Icon: {fileID: 0}
  m_NavMeshLayer: 0
  m_StaticEditorFlags: 0
  m_IsActive: 1
--- !u!4 &1682395036643840740
Transform:
  m_ObjectHideFlags: 0
  m_CorrespondingSourceObject: {fileID: 0}
  m_PrefabInstance: {fileID: 0}
  m_PrefabAsset: {fileID: 0}
  m_GameObject: {fileID: 3494721066319067329}
  m_LocalRotation: {x: 0.00039785178, y: 0.0049954755, z: 0.009529021, w: 0.99994206}
  m_LocalPosition: {x: -0.00049012207, y: 0.02585157, z: 0.00002285757}
  m_LocalScale: {x: 1, y: 1, z: 1}
  m_Children:
  - {fileID: 4987911059940708660}
  m_Father: {fileID: 6659702827365218883}
  m_RootOrder: 0
  m_LocalEulerAnglesHint: {x: 0, y: 0, z: 0}
--- !u!1 &3568289447115273033
GameObject:
  m_ObjectHideFlags: 0
  m_CorrespondingSourceObject: {fileID: 0}
  m_PrefabInstance: {fileID: 0}
  m_PrefabAsset: {fileID: 0}
  serializedVersion: 6
  m_Component:
  - component: {fileID: 2013618629606272633}
  m_Layer: 0
  m_Name: mixamorig6:RightFoot
  m_TagString: Untagged
  m_Icon: {fileID: 0}
  m_NavMeshLayer: 0
  m_StaticEditorFlags: 0
  m_IsActive: 1
--- !u!4 &2013618629606272633
Transform:
  m_ObjectHideFlags: 0
  m_CorrespondingSourceObject: {fileID: 0}
  m_PrefabInstance: {fileID: 0}
  m_PrefabAsset: {fileID: 0}
  m_GameObject: {fileID: 3568289447115273033}
  m_LocalRotation: {x: 0.45540226, y: -0.015498135, z: 0.028199049, w: 0.8897041}
  m_LocalPosition: {x: 0.0002264425, y: 0.24540077, z: -0.0004230825}
  m_LocalScale: {x: 1, y: 1, z: 1}
  m_Children:
  - {fileID: 6711325918897972900}
  m_Father: {fileID: 4184706975419185178}
  m_RootOrder: 0
  m_LocalEulerAnglesHint: {x: 0, y: 0, z: 0}
--- !u!1 &4044415412202803015
GameObject:
  m_ObjectHideFlags: 0
  m_CorrespondingSourceObject: {fileID: 0}
  m_PrefabInstance: {fileID: 0}
  m_PrefabAsset: {fileID: 0}
  serializedVersion: 6
  m_Component:
  - component: {fileID: 5473917594112095534}
  m_Layer: 0
  m_Name: LeftHandThumb2
  m_TagString: Untagged
  m_Icon: {fileID: 0}
  m_NavMeshLayer: 0
  m_StaticEditorFlags: 0
  m_IsActive: 1
--- !u!4 &5473917594112095534
Transform:
  m_ObjectHideFlags: 0
  m_CorrespondingSourceObject: {fileID: 0}
  m_PrefabInstance: {fileID: 0}
  m_PrefabAsset: {fileID: 0}
  m_GameObject: {fileID: 4044415412202803015}
  m_LocalRotation: {x: -0.032577585, y: 0.9993586, z: -0.014814582, w: 0.0013006522}
  m_LocalPosition: {x: 0.005531855, y: -0.037613977, z: 0.001344382}
  m_LocalScale: {x: 1, y: 1, z: 1}
  m_Children:
  - {fileID: 3268521584398171894}
  m_Father: {fileID: 3619609183240596566}
  m_RootOrder: 0
  m_LocalEulerAnglesHint: {x: 0, y: 0, z: 0}
--- !u!1 &4441417449820316368
GameObject:
  m_ObjectHideFlags: 0
  m_CorrespondingSourceObject: {fileID: 0}
  m_PrefabInstance: {fileID: 0}
  m_PrefabAsset: {fileID: 0}
  serializedVersion: 6
  m_Component:
  - component: {fileID: 9158676864598949304}
  m_Layer: 0
  m_Name: mixamorig6:LeftHandRing4
  m_TagString: Untagged
  m_Icon: {fileID: 0}
  m_NavMeshLayer: 0
  m_StaticEditorFlags: 0
  m_IsActive: 1
--- !u!4 &9158676864598949304
Transform:
  m_ObjectHideFlags: 0
  m_CorrespondingSourceObject: {fileID: 0}
  m_PrefabInstance: {fileID: 0}
  m_PrefabAsset: {fileID: 0}
  m_GameObject: {fileID: 4441417449820316368}
  m_LocalRotation: {x: 0, y: -0, z: -0, w: 1}
  m_LocalPosition: {x: -0.000047176534, y: -0.023827493, z: 0.0000008641672}
  m_LocalScale: {x: 1, y: 1, z: 1}
  m_Children: []
  m_Father: {fileID: 7498944432042459608}
  m_RootOrder: 0
  m_LocalEulerAnglesHint: {x: 0, y: 0, z: 0}
--- !u!1 &4675144487881626761
GameObject:
  m_ObjectHideFlags: 0
  m_CorrespondingSourceObject: {fileID: 0}
  m_PrefabInstance: {fileID: 0}
  m_PrefabAsset: {fileID: 0}
  serializedVersion: 6
  m_Component:
  - component: {fileID: 6857650728512893107}
  m_Layer: 0
  m_Name: mixamorig6:LeftToeBase
  m_TagString: Untagged
  m_Icon: {fileID: 0}
  m_NavMeshLayer: 0
  m_StaticEditorFlags: 0
  m_IsActive: 1
--- !u!4 &6857650728512893107
Transform:
  m_ObjectHideFlags: 0
  m_CorrespondingSourceObject: {fileID: 0}
  m_PrefabInstance: {fileID: 0}
  m_PrefabAsset: {fileID: 0}
  m_GameObject: {fileID: 4675144487881626761}
  m_LocalRotation: {x: 0.34617627, y: -0.030087382, z: 0.011108465, w: 0.9376211}
  m_LocalPosition: {x: -9.1124386e-11, y: 0.19754805, z: 0.0000000026900502}
  m_LocalScale: {x: 1, y: 1, z: 1}
  m_Children:
  - {fileID: 2123735122096198053}
  m_Father: {fileID: 5864829795685805034}
  m_RootOrder: 0
  m_LocalEulerAnglesHint: {x: 0, y: 0, z: 0}
--- !u!1 &4893639750353749030
GameObject:
  m_ObjectHideFlags: 0
  m_CorrespondingSourceObject: {fileID: 0}
  m_PrefabInstance: {fileID: 0}
  m_PrefabAsset: {fileID: 0}
  serializedVersion: 6
  m_Component:
  - component: {fileID: 4515203578373605592}
  m_Layer: 0
  m_Name: RightHandThumb3
  m_TagString: Untagged
  m_Icon: {fileID: 0}
  m_NavMeshLayer: 0
  m_StaticEditorFlags: 0
  m_IsActive: 1
--- !u!4 &4515203578373605592
Transform:
  m_ObjectHideFlags: 0
  m_CorrespondingSourceObject: {fileID: 0}
  m_PrefabInstance: {fileID: 0}
  m_PrefabAsset: {fileID: 0}
  m_GameObject: {fileID: 4893639750353749030}
  m_LocalRotation: {x: 0.002856173, y: 0.0007006671, z: -0.025075123, w: 0.99968123}
  m_LocalPosition: {x: 0.0035884758, y: 0.04430126, z: 0.00024953767}
  m_LocalScale: {x: 1, y: 1, z: 1}
  m_Children:
  - {fileID: 6662898531117815531}
  m_Father: {fileID: 7839922845429484910}
  m_RootOrder: 0
  m_LocalEulerAnglesHint: {x: 0, y: 0, z: 0}
--- !u!1 &4978681437875842109
GameObject:
  m_ObjectHideFlags: 0
  m_CorrespondingSourceObject: {fileID: 0}
  m_PrefabInstance: {fileID: 0}
  m_PrefabAsset: {fileID: 0}
  serializedVersion: 6
  m_Component:
  - component: {fileID: 2260325876348543637}
  m_Layer: 0
  m_Name: mixamorig6:HeadTop_End
  m_TagString: Untagged
  m_Icon: {fileID: 0}
  m_NavMeshLayer: 0
  m_StaticEditorFlags: 0
  m_IsActive: 1
--- !u!4 &2260325876348543637
Transform:
  m_ObjectHideFlags: 0
  m_CorrespondingSourceObject: {fileID: 0}
  m_PrefabInstance: {fileID: 0}
  m_PrefabAsset: {fileID: 0}
  m_GameObject: {fileID: 4978681437875842109}
  m_LocalRotation: {x: 6.938894e-18, y: -0, z: -0, w: 1}
  m_LocalPosition: {x: -0, y: 0.525422, z: 0.17170085}
  m_LocalScale: {x: 1, y: 1, z: 1}
  m_Children: []
  m_Father: {fileID: 3030811618072752012}
  m_RootOrder: 0
  m_LocalEulerAnglesHint: {x: 0, y: 0, z: 0}
--- !u!1 &4980270856968488175
GameObject:
  m_ObjectHideFlags: 0
  m_CorrespondingSourceObject: {fileID: 0}
  m_PrefabInstance: {fileID: 0}
  m_PrefabAsset: {fileID: 0}
  serializedVersion: 6
  m_Component:
  - component: {fileID: 3208625815573820465}
  m_Layer: 0
  m_Name: mixamorig6:RightHandIndex2
  m_TagString: Untagged
  m_Icon: {fileID: 0}
  m_NavMeshLayer: 0
  m_StaticEditorFlags: 0
  m_IsActive: 1
--- !u!4 &3208625815573820465
Transform:
  m_ObjectHideFlags: 0
  m_CorrespondingSourceObject: {fileID: 0}
  m_PrefabInstance: {fileID: 0}
  m_PrefabAsset: {fileID: 0}
  m_GameObject: {fileID: 4980270856968488175}
  m_LocalRotation: {x: -0.03466835, y: -0.0002760174, z: -0.012292994, w: 0.99932325}
  m_LocalPosition: {x: 0.00088758906, y: 0.040218644, z: -0.0027940806}
  m_LocalScale: {x: 1, y: 1, z: 1}
  m_Children:
  - {fileID: 799392201214011366}
  m_Father: {fileID: 4538236149142157661}
  m_RootOrder: 0
  m_LocalEulerAnglesHint: {x: 0, y: 0, z: 0}
--- !u!1 &5042703570226108076
GameObject:
  m_ObjectHideFlags: 0
  m_CorrespondingSourceObject: {fileID: 0}
  m_PrefabInstance: {fileID: 0}
  m_PrefabAsset: {fileID: 0}
  serializedVersion: 6
  m_Component:
  - component: {fileID: 2346666063054171873}
  m_Layer: 0
  m_Name: mixamorig6:LeftHandIndex1
  m_TagString: Untagged
  m_Icon: {fileID: 0}
  m_NavMeshLayer: 0
  m_StaticEditorFlags: 0
  m_IsActive: 1
--- !u!4 &2346666063054171873
Transform:
  m_ObjectHideFlags: 0
  m_CorrespondingSourceObject: {fileID: 0}
  m_PrefabInstance: {fileID: 0}
  m_PrefabAsset: {fileID: 0}
  m_GameObject: {fileID: 5042703570226108076}
  m_LocalRotation: {x: -0.07117409, y: -0.054241452, z: -0.005206585, w: 0.9959744}
  m_LocalPosition: {x: 0.020234415, y: -0.09501687, z: 0.022262964}
  m_LocalScale: {x: 1, y: 1, z: 1}
  m_Children:
  - {fileID: 6203016673845994830}
  m_Father: {fileID: 5358734703563926644}
  m_RootOrder: 0
  m_LocalEulerAnglesHint: {x: 0, y: 0, z: 0}
--- !u!1 &5078421303049182788
GameObject:
  m_ObjectHideFlags: 0
  m_CorrespondingSourceObject: {fileID: 0}
  m_PrefabInstance: {fileID: 0}
  m_PrefabAsset: {fileID: 0}
  serializedVersion: 6
  m_Component:
  - component: {fileID: 3699040101123558904}
  m_Layer: 0
  m_Name: mixamorig6:RightHandIndex4
  m_TagString: Untagged
  m_Icon: {fileID: 0}
  m_NavMeshLayer: 0
  m_StaticEditorFlags: 0
  m_IsActive: 1
--- !u!4 &3699040101123558904
Transform:
  m_ObjectHideFlags: 0
  m_CorrespondingSourceObject: {fileID: 0}
  m_PrefabInstance: {fileID: 0}
  m_PrefabAsset: {fileID: 0}
  m_GameObject: {fileID: 5078421303049182788}
  m_LocalRotation: {x: 0, y: -0, z: -0, w: 1}
  m_LocalPosition: {x: -0.00018467897, y: 0.027519116, z: -6.261338e-10}
  m_LocalScale: {x: 1, y: 1, z: 1}
  m_Children: []
  m_Father: {fileID: 799392201214011366}
  m_RootOrder: 0
  m_LocalEulerAnglesHint: {x: 0, y: 0, z: 0}
--- !u!1 &5284029782936361950
GameObject:
  m_ObjectHideFlags: 0
  m_CorrespondingSourceObject: {fileID: 0}
  m_PrefabInstance: {fileID: 0}
  m_PrefabAsset: {fileID: 0}
  serializedVersion: 6
  m_Component:
  - component: {fileID: 464901592502329989}
  m_Layer: 0
  m_Name: mixamorig6:LeftHandMiddle2
  m_TagString: Untagged
  m_Icon: {fileID: 0}
  m_NavMeshLayer: 0
  m_StaticEditorFlags: 0
  m_IsActive: 1
--- !u!4 &464901592502329989
Transform:
  m_ObjectHideFlags: 0
  m_CorrespondingSourceObject: {fileID: 0}
  m_PrefabInstance: {fileID: 0}
  m_PrefabAsset: {fileID: 0}
  m_GameObject: {fileID: 5284029782936361950}
  m_LocalRotation: {x: -0.024754817, y: 0.00021474928, z: -0.003159826, w: 0.99968857}
  m_LocalPosition: {x: -0.00033900276, y: -0.04739907, z: -0.0008366069}
  m_LocalScale: {x: 1, y: 1, z: 1}
  m_Children:
  - {fileID: 8936862058565915443}
  m_Father: {fileID: 9180460751641187895}
  m_RootOrder: 0
  m_LocalEulerAnglesHint: {x: 0, y: 0, z: 0}
--- !u!1 &5470252459531597710
GameObject:
  m_ObjectHideFlags: 0
  m_CorrespondingSourceObject: {fileID: 0}
  m_PrefabInstance: {fileID: 0}
  m_PrefabAsset: {fileID: 0}
  serializedVersion: 6
  m_Component:
  - component: {fileID: 4242071508280345145}
  m_Layer: 0
  m_Name: mixamorig6:LeftHandPinky4
  m_TagString: Untagged
  m_Icon: {fileID: 0}
  m_NavMeshLayer: 0
  m_StaticEditorFlags: 0
  m_IsActive: 1
--- !u!4 &4242071508280345145
Transform:
  m_ObjectHideFlags: 0
  m_CorrespondingSourceObject: {fileID: 0}
  m_PrefabInstance: {fileID: 0}
  m_PrefabAsset: {fileID: 0}
  m_GameObject: {fileID: 5470252459531597710}
  m_LocalRotation: {x: 0, y: -0, z: -0, w: 1}
  m_LocalPosition: {x: -0.0000018863913, y: -0.019524805, z: 0.00000039325016}
  m_LocalScale: {x: 1, y: 1, z: 1}
  m_Children: []
  m_Father: {fileID: 8952629986233167069}
  m_RootOrder: 0
  m_LocalEulerAnglesHint: {x: 0, y: 0, z: 0}
--- !u!1 &5650736280123281601
GameObject:
  m_ObjectHideFlags: 0
  m_CorrespondingSourceObject: {fileID: 0}
  m_PrefabInstance: {fileID: 0}
  m_PrefabAsset: {fileID: 0}
  serializedVersion: 6
  m_Component:
  - component: {fileID: 4538236149142157661}
  m_Layer: 0
  m_Name: mixamorig6:RightHandIndex1
  m_TagString: Untagged
  m_Icon: {fileID: 0}
  m_NavMeshLayer: 0
  m_StaticEditorFlags: 0
  m_IsActive: 1
--- !u!4 &4538236149142157661
Transform:
  m_ObjectHideFlags: 0
  m_CorrespondingSourceObject: {fileID: 0}
  m_PrefabInstance: {fileID: 0}
  m_PrefabAsset: {fileID: 0}
  m_GameObject: {fileID: 5650736280123281601}
  m_LocalRotation: {x: -0.071185, y: -0.054240774, z: -0.0052056247, w: 0.9959737}
  m_LocalPosition: {x: -0.020234, y: 0.095020995, z: -0.022263}
  m_LocalScale: {x: 1, y: 1, z: 1}
  m_Children:
  - {fileID: 3208625815573820465}
  m_Father: {fileID: 4708245378329761565}
  m_RootOrder: 0
  m_LocalEulerAnglesHint: {x: 0, y: 0, z: 0}
--- !u!1 &5650908626432360708
GameObject:
  m_ObjectHideFlags: 0
  m_CorrespondingSourceObject: {fileID: 0}
  m_PrefabInstance: {fileID: 0}
  m_PrefabAsset: {fileID: 0}
  serializedVersion: 6
  m_Component:
  - component: {fileID: 8926346891872890162}
  m_Layer: 0
  m_Name: mixamorig6:RightHandMiddle1
  m_TagString: Untagged
  m_Icon: {fileID: 0}
  m_NavMeshLayer: 0
  m_StaticEditorFlags: 0
  m_IsActive: 1
--- !u!4 &8926346891872890162
Transform:
  m_ObjectHideFlags: 0
  m_CorrespondingSourceObject: {fileID: 0}
  m_PrefabInstance: {fileID: 0}
  m_PrefabAsset: {fileID: 0}
  m_GameObject: {fileID: 5650908626432360708}
  m_LocalRotation: {x: -0.11423059, y: -0.06443358, z: -0.014005831, w: 0.9912636}
  m_LocalPosition: {x: 0.0046558296, y: 0.096057974, z: -0.020310648}
  m_LocalScale: {x: 1, y: 1, z: 1}
  m_Children:
  - {fileID: 8712854397199766917}
  m_Father: {fileID: 4708245378329761565}
  m_RootOrder: 1
  m_LocalEulerAnglesHint: {x: 0, y: 0, z: 0}
--- !u!1 &5872741175505351080
GameObject:
  m_ObjectHideFlags: 0
  m_CorrespondingSourceObject: {fileID: 0}
  m_PrefabInstance: {fileID: 0}
  m_PrefabAsset: {fileID: 0}
  serializedVersion: 6
  m_Component:
  - component: {fileID: 7498944432042459608}
  m_Layer: 0
  m_Name: mixamorig6:LeftHandRing3
  m_TagString: Untagged
  m_Icon: {fileID: 0}
  m_NavMeshLayer: 0
  m_StaticEditorFlags: 0
  m_IsActive: 1
--- !u!4 &7498944432042459608
Transform:
  m_ObjectHideFlags: 0
  m_CorrespondingSourceObject: {fileID: 0}
  m_PrefabInstance: {fileID: 0}
  m_PrefabAsset: {fileID: 0}
  m_GameObject: {fileID: 5872741175505351080}
  m_LocalRotation: {x: -0.0036833321, y: 0.00018218206, z: 0.009088189, w: 0.9999519}
  m_LocalPosition: {x: 0.00052345154, y: -0.03227031, z: 0.00023922813}
  m_LocalScale: {x: 1, y: 1, z: 1}
  m_Children:
  - {fileID: 9158676864598949304}
  m_Father: {fileID: 4870286952070516541}
  m_RootOrder: 0
  m_LocalEulerAnglesHint: {x: 0, y: 0, z: 0}
--- !u!1 &6307297970697992599
GameObject:
  m_ObjectHideFlags: 0
  m_CorrespondingSourceObject: {fileID: 0}
  m_PrefabInstance: {fileID: 0}
  m_PrefabAsset: {fileID: 0}
  serializedVersion: 6
  m_Component:
  - component: {fileID: 6203016673845994830}
  m_Layer: 0
  m_Name: mixamorig6:LeftHandIndex2
  m_TagString: Untagged
  m_Icon: {fileID: 0}
  m_NavMeshLayer: 0
  m_StaticEditorFlags: 0
  m_IsActive: 1
--- !u!4 &6203016673845994830
Transform:
  m_ObjectHideFlags: 0
  m_CorrespondingSourceObject: {fileID: 0}
  m_PrefabInstance: {fileID: 0}
  m_PrefabAsset: {fileID: 0}
  m_GameObject: {fileID: 6307297970697992599}
  m_LocalRotation: {x: -0.034689825, y: -0.00027645857, z: -0.012306931, w: 0.99932235}
  m_LocalPosition: {x: -0.0008884034, y: -0.040227465, z: 0.0027946532}
  m_LocalScale: {x: 1, y: 1, z: 1}
  m_Children:
  - {fileID: 7479165640947232191}
  m_Father: {fileID: 2346666063054171873}
  m_RootOrder: 0
  m_LocalEulerAnglesHint: {x: 0, y: 0, z: 0}
--- !u!1 &6366833245663438738
GameObject:
  m_ObjectHideFlags: 0
  m_CorrespondingSourceObject: {fileID: 0}
  m_PrefabInstance: {fileID: 0}
  m_PrefabAsset: {fileID: 0}
  serializedVersion: 6
  m_Component:
  - component: {fileID: 6711325918897972900}
  m_Layer: 0
  m_Name: mixamorig6:RightToeBase
  m_TagString: Untagged
  m_Icon: {fileID: 0}
  m_NavMeshLayer: 0
  m_StaticEditorFlags: 0
  m_IsActive: 1
--- !u!4 &6711325918897972900
Transform:
  m_ObjectHideFlags: 0
  m_CorrespondingSourceObject: {fileID: 0}
  m_PrefabInstance: {fileID: 0}
  m_PrefabAsset: {fileID: 0}
  m_GameObject: {fileID: 6366833245663438738}
  m_LocalRotation: {x: 0.3521043, y: 0.030701464, z: -0.011556855, w: 0.9353857}
  m_LocalPosition: {x: -2.0268043e-10, y: 0.1945961, z: -0.0000000024733273}
  m_LocalScale: {x: 1, y: 1, z: 1}
  m_Children:
  - {fileID: 6146071493721469013}
  m_Father: {fileID: 2013618629606272633}
  m_RootOrder: 0
  m_LocalEulerAnglesHint: {x: 0, y: 0, z: 0}
--- !u!1 &6438555739292266180
GameObject:
  m_ObjectHideFlags: 0
  m_CorrespondingSourceObject: {fileID: 0}
  m_PrefabInstance: {fileID: 0}
  m_PrefabAsset: {fileID: 0}
  serializedVersion: 6
  m_Component:
  - component: {fileID: 4184706975419185178}
  m_Layer: 0
  m_Name: mixamorig6:RightLeg
  m_TagString: Untagged
  m_Icon: {fileID: 0}
  m_NavMeshLayer: 0
  m_StaticEditorFlags: 0
  m_IsActive: 1
--- !u!4 &4184706975419185178
Transform:
  m_ObjectHideFlags: 0
  m_CorrespondingSourceObject: {fileID: 0}
  m_PrefabInstance: {fileID: 0}
  m_PrefabAsset: {fileID: 0}
  m_GameObject: {fileID: 6438555739292266180}
  m_LocalRotation: {x: -0.034845505, y: 0.00072555867, z: -0.013858133, w: 0.99929637}
  m_LocalPosition: {x: -0.00048348596, y: 0.22789799, z: 0.0010037764}
  m_LocalScale: {x: 1, y: 1, z: 1}
  m_Children:
  - {fileID: 2013618629606272633}
  m_Father: {fileID: 6265528855137615525}
  m_RootOrder: 0
  m_LocalEulerAnglesHint: {x: 0, y: 0, z: 0}
--- !u!1 &6545337527071837892
GameObject:
  m_ObjectHideFlags: 0
  m_CorrespondingSourceObject: {fileID: 0}
  m_PrefabInstance: {fileID: 0}
  m_PrefabAsset: {fileID: 0}
  serializedVersion: 6
  m_Component:
  - component: {fileID: 5292333317526905411}
  m_Layer: 0
  m_Name: mixamorig6:LeftHandPinky1
  m_TagString: Untagged
  m_Icon: {fileID: 0}
  m_NavMeshLayer: 0
  m_StaticEditorFlags: 0
  m_IsActive: 1
--- !u!4 &5292333317526905411
Transform:
  m_ObjectHideFlags: 0
  m_CorrespondingSourceObject: {fileID: 0}
  m_PrefabInstance: {fileID: 0}
  m_PrefabAsset: {fileID: 0}
  m_GameObject: {fileID: 6545337527071837892}
  m_LocalRotation: {x: -0.10943016, y: -0.04006935, z: -0.027706165, w: 0.99280006}
  m_LocalPosition: {x: -0.046359837, y: -0.08446424, z: -0.0009365633}
  m_LocalScale: {x: 1, y: 1, z: 1}
  m_Children:
  - {fileID: 4998092134260066421}
  m_Father: {fileID: 5358734703563926644}
  m_RootOrder: 2
  m_LocalEulerAnglesHint: {x: 0, y: 0, z: 0}
--- !u!1 &6608275326671963649
GameObject:
  m_ObjectHideFlags: 0
  m_CorrespondingSourceObject: {fileID: 0}
  m_PrefabInstance: {fileID: 0}
  m_PrefabAsset: {fileID: 0}
  serializedVersion: 6
  m_Component:
  - component: {fileID: 4562404960428571861}
  m_Layer: 0
  m_Name: mixamorig6:LeftForeArm
  m_TagString: Untagged
  m_Icon: {fileID: 0}
  m_NavMeshLayer: 0
  m_StaticEditorFlags: 0
  m_IsActive: 1
--- !u!4 &4562404960428571861
Transform:
  m_ObjectHideFlags: 0
  m_CorrespondingSourceObject: {fileID: 0}
  m_PrefabInstance: {fileID: 0}
  m_PrefabAsset: {fileID: 0}
  m_GameObject: {fileID: 6608275326671963649}
  m_LocalRotation: {x: 0.0000002556378, y: 0.0017304824, z: -0.00000003781551, w: 0.9999985}
  m_LocalPosition: {x: -1.3264514e-10, y: 0.23597977, z: 0.000000001140336}
  m_LocalScale: {x: 1, y: 1, z: 1}
  m_Children:
  - {fileID: 5358734703563926644}
  m_Father: {fileID: 3355018847980136667}
  m_RootOrder: 0
  m_LocalEulerAnglesHint: {x: 0, y: 0, z: 0}
--- !u!1 &6677227230091764532
GameObject:
  m_ObjectHideFlags: 0
  m_CorrespondingSourceObject: {fileID: 0}
  m_PrefabInstance: {fileID: 0}
  m_PrefabAsset: {fileID: 0}
  serializedVersion: 6
  m_Component:
  - component: {fileID: 7839922845429484910}
  m_Layer: 0
  m_Name: RightHandThumb2
  m_TagString: Untagged
  m_Icon: {fileID: 0}
  m_NavMeshLayer: 0
  m_StaticEditorFlags: 0
  m_IsActive: 1
--- !u!4 &7839922845429484910
Transform:
  m_ObjectHideFlags: 0
  m_CorrespondingSourceObject: {fileID: 0}
  m_PrefabInstance: {fileID: 0}
  m_PrefabAsset: {fileID: 0}
  m_GameObject: {fileID: 6677227230091764532}
  m_LocalRotation: {x: -0.0326604, y: 0.9993566, z: -0.014765876, w: 0.0012929634}
  m_LocalPosition: {x: -0.005536621, y: 0.037610218, z: -0.0013410739}
  m_LocalScale: {x: 1, y: 1, z: 1}
  m_Children:
  - {fileID: 4515203578373605592}
  m_Father: {fileID: 1424142759918535340}
  m_RootOrder: 0
  m_LocalEulerAnglesHint: {x: 0, y: 0, z: 0}
--- !u!1 &6698226225903929291
GameObject:
  m_ObjectHideFlags: 0
  m_CorrespondingSourceObject: {fileID: 0}
  m_PrefabInstance: {fileID: 0}
  m_PrefabAsset: {fileID: 0}
  serializedVersion: 6
  m_Component:
  - component: {fileID: 5892559536384634637}
  m_Layer: 0
  m_Name: mixamorig6:LeftHandMiddle4
  m_TagString: Untagged
  m_Icon: {fileID: 0}
  m_NavMeshLayer: 0
  m_StaticEditorFlags: 0
  m_IsActive: 1
--- !u!4 &5892559536384634637
Transform:
  m_ObjectHideFlags: 0
  m_CorrespondingSourceObject: {fileID: 0}
  m_PrefabInstance: {fileID: 0}
  m_PrefabAsset: {fileID: 0}
  m_GameObject: {fileID: 6698226225903929291}
  m_LocalRotation: {x: 0, y: -0, z: -0, w: 1}
  m_LocalPosition: {x: 0.00014261022, y: -0.027825398, z: -0.0000006296347}
  m_LocalScale: {x: 1, y: 1, z: 1}
  m_Children: []
  m_Father: {fileID: 8936862058565915443}
  m_RootOrder: 0
  m_LocalEulerAnglesHint: {x: 0, y: 0, z: 0}
--- !u!1 &6766255547081561975
GameObject:
  m_ObjectHideFlags: 0
  m_CorrespondingSourceObject: {fileID: 0}
  m_PrefabInstance: {fileID: 0}
  m_PrefabAsset: {fileID: 0}
  serializedVersion: 6
  m_Component:
  - component: {fileID: 9114295572173899499}
  m_Layer: 0
  m_Name: mixamorig6:RightHandRing4
  m_TagString: Untagged
  m_Icon: {fileID: 0}
  m_NavMeshLayer: 0
  m_StaticEditorFlags: 0
  m_IsActive: 1
--- !u!4 &9114295572173899499
Transform:
  m_ObjectHideFlags: 0
  m_CorrespondingSourceObject: {fileID: 0}
  m_PrefabInstance: {fileID: 0}
  m_PrefabAsset: {fileID: 0}
  m_GameObject: {fileID: 6766255547081561975}
  m_LocalRotation: {x: 0, y: -0, z: -0, w: 1}
  m_LocalPosition: {x: 0.000046832753, y: 0.023832763, z: -3.2321323e-10}
  m_LocalScale: {x: 1, y: 1, z: 1}
  m_Children: []
  m_Father: {fileID: 7674047454905999327}
  m_RootOrder: 0
  m_LocalEulerAnglesHint: {x: 0, y: 0, z: 0}
--- !u!1 &6916708544975340348
GameObject:
  m_ObjectHideFlags: 0
  m_CorrespondingSourceObject: {fileID: 0}
  m_PrefabInstance: {fileID: 0}
  m_PrefabAsset: {fileID: 0}
  serializedVersion: 6
  m_Component:
  - component: {fileID: 779139015448140064}
  m_Layer: 0
  m_Name: mixamorig6:RightShoulder
  m_TagString: Untagged
  m_Icon: {fileID: 0}
  m_NavMeshLayer: 0
  m_StaticEditorFlags: 0
  m_IsActive: 1
--- !u!4 &779139015448140064
Transform:
  m_ObjectHideFlags: 0
  m_CorrespondingSourceObject: {fileID: 0}
  m_PrefabInstance: {fileID: 0}
  m_PrefabAsset: {fileID: 0}
  m_GameObject: {fileID: 6916708544975340348}
  m_LocalRotation: {x: -0.5846141, y: -0.39775506, z: 0.58466226, w: -0.3977277}
  m_LocalPosition: {x: 0.02956797, y: 0.08269446, z: -0.0000029855103}
  m_LocalScale: {x: 1, y: 1, z: 1}
  m_Children:
  - {fileID: 5792327201238083066}
  m_Father: {fileID: 862796994857313838}
  m_RootOrder: 2
  m_LocalEulerAnglesHint: {x: 0, y: 0, z: 0}
--- !u!1 &6986496369073871602
GameObject:
  m_ObjectHideFlags: 0
  m_CorrespondingSourceObject: {fileID: 0}
  m_PrefabInstance: {fileID: 0}
  m_PrefabAsset: {fileID: 0}
  serializedVersion: 6
  m_Component:
  - component: {fileID: 1191841883994305588}
  m_Layer: 0
  m_Name: mixamorig6:RightHandMiddle3
  m_TagString: Untagged
  m_Icon: {fileID: 0}
  m_NavMeshLayer: 0
  m_StaticEditorFlags: 0
  m_IsActive: 1
--- !u!4 &1191841883994305588
Transform:
  m_ObjectHideFlags: 0
  m_CorrespondingSourceObject: {fileID: 0}
  m_PrefabInstance: {fileID: 0}
  m_PrefabAsset: {fileID: 0}
  m_GameObject: {fileID: 6986496369073871602}
  m_LocalRotation: {x: 0.033585433, y: 0.00012513659, z: -0.0029760168, w: 0.99943143}
  m_LocalPosition: {x: 0.00003194704, y: 0.03899776, z: 0.0026236677}
  m_LocalScale: {x: 1, y: 1, z: 1}
  m_Children:
  - {fileID: 3224802398008050414}
  m_Father: {fileID: 8712854397199766917}
  m_RootOrder: 0
  m_LocalEulerAnglesHint: {x: 0, y: 0, z: 0}
--- !u!1 &7277219655611785136
GameObject:
  m_ObjectHideFlags: 0
  m_CorrespondingSourceObject: {fileID: 0}
  m_PrefabInstance: {fileID: 0}
  m_PrefabAsset: {fileID: 0}
  serializedVersion: 6
  m_Component:
  - component: {fileID: 4408586866954233114}
  m_Layer: 0
  m_Name: mixamorig6:LeftHandRing1
  m_TagString: Untagged
  m_Icon: {fileID: 0}
  m_NavMeshLayer: 0
  m_StaticEditorFlags: 0
  m_IsActive: 1
--- !u!4 &4408586866954233114
Transform:
  m_ObjectHideFlags: 0
  m_CorrespondingSourceObject: {fileID: 0}
  m_PrefabInstance: {fileID: 0}
  m_PrefabAsset: {fileID: 0}
  m_GameObject: {fileID: 7277219655611785136}
  m_LocalRotation: {x: -0.12871335, y: -0.047911502, z: -0.031067025, w: 0.9900365}
  m_LocalPosition: {x: -0.026829038, y: -0.08852374, z: 0.014581491}
  m_LocalScale: {x: 1, y: 1, z: 1}
  m_Children:
  - {fileID: 4870286952070516541}
  m_Father: {fileID: 5358734703563926644}
  m_RootOrder: 3
  m_LocalEulerAnglesHint: {x: 0, y: 0, z: 0}
--- !u!1 &7750876615876412858
GameObject:
  m_ObjectHideFlags: 0
  m_CorrespondingSourceObject: {fileID: 0}
  m_PrefabInstance: {fileID: 0}
  m_PrefabAsset: {fileID: 0}
  serializedVersion: 6
  m_Component:
  - component: {fileID: 8712854397199766917}
  m_Layer: 0
  m_Name: mixamorig6:RightHandMiddle2
  m_TagString: Untagged
  m_Icon: {fileID: 0}
  m_NavMeshLayer: 0
  m_StaticEditorFlags: 0
  m_IsActive: 1
--- !u!4 &8712854397199766917
Transform:
  m_ObjectHideFlags: 0
  m_CorrespondingSourceObject: {fileID: 0}
  m_PrefabInstance: {fileID: 0}
  m_PrefabAsset: {fileID: 0}
  m_GameObject: {fileID: 7750876615876412858}
  m_LocalRotation: {x: -0.02476237, y: 0.0002148669, z: -0.0031591495, w: 0.9996884}
  m_LocalPosition: {x: 0.00033910273, y: 0.047407437, z: 0.0008370347}
  m_LocalScale: {x: 1, y: 1, z: 1}
  m_Children:
  - {fileID: 1191841883994305588}
  m_Father: {fileID: 8926346891872890162}
  m_RootOrder: 0
  m_LocalEulerAnglesHint: {x: 0, y: 0, z: 0}
--- !u!1 &7756016540937930648
GameObject:
  m_ObjectHideFlags: 0
  m_CorrespondingSourceObject: {fileID: 0}
  m_PrefabInstance: {fileID: 0}
  m_PrefabAsset: {fileID: 0}
  serializedVersion: 6
  m_Component:
  - component: {fileID: 8936862058565915443}
  m_Layer: 0
  m_Name: mixamorig6:LeftHandMiddle3
  m_TagString: Untagged
  m_Icon: {fileID: 0}
  m_NavMeshLayer: 0
  m_StaticEditorFlags: 0
  m_IsActive: 1
--- !u!4 &8936862058565915443
Transform:
  m_ObjectHideFlags: 0
  m_CorrespondingSourceObject: {fileID: 0}
  m_PrefabInstance: {fileID: 0}
  m_PrefabAsset: {fileID: 0}
  m_GameObject: {fileID: 7756016540937930648}
  m_LocalRotation: {x: 0.033561468, y: 0.00012515309, z: -0.002976329, w: 0.99943227}
  m_LocalPosition: {x: -0.0000320101, y: -0.0390048, z: -0.0026239809}
  m_LocalScale: {x: 1, y: 1, z: 1}
  m_Children:
  - {fileID: 5892559536384634637}
  m_Father: {fileID: 464901592502329989}
  m_RootOrder: 0
  m_LocalEulerAnglesHint: {x: 0, y: 0, z: 0}
--- !u!1 &7870133963319627102
GameObject:
  m_ObjectHideFlags: 0
  m_CorrespondingSourceObject: {fileID: 0}
  m_PrefabInstance: {fileID: 0}
  m_PrefabAsset: {fileID: 0}
  serializedVersion: 6
  m_Component:
  - component: {fileID: 1424142759918535340}
  m_Layer: 0
  m_Name: mixamorig6:RightHandThumb1
  m_TagString: Untagged
  m_Icon: {fileID: 0}
  m_NavMeshLayer: 0
  m_StaticEditorFlags: 0
  m_IsActive: 1
--- !u!4 &1424142759918535340
Transform:
  m_ObjectHideFlags: 0
  m_CorrespondingSourceObject: {fileID: 0}
  m_PrefabInstance: {fileID: 0}
  m_PrefabAsset: {fileID: 0}
  m_GameObject: {fileID: 7870133963319627102}
  m_LocalRotation: {x: 0.13162161, y: -0.123447224, z: 0.1898256, w: 0.9650921}
  m_LocalPosition: {x: -0.017762473, y: 0.027259922, z: -0.00046009416}
  m_LocalScale: {x: 1, y: 1, z: 1}
  m_Children:
  - {fileID: 7839922845429484910}
  m_Father: {fileID: 4708245378329761565}
  m_RootOrder: 4
  m_LocalEulerAnglesHint: {x: 0, y: 0, z: 0}
--- !u!1 &7896582740183856541
GameObject:
  m_ObjectHideFlags: 0
  m_CorrespondingSourceObject: {fileID: 0}
  m_PrefabInstance: {fileID: 0}
  m_PrefabAsset: {fileID: 0}
  serializedVersion: 6
  m_Component:
  - component: {fileID: 8831206259997525128}
  m_Layer: 0
  m_Name: mixamorig6:RightHandPinky1
  m_TagString: Untagged
  m_Icon: {fileID: 0}
  m_NavMeshLayer: 0
  m_StaticEditorFlags: 0
  m_IsActive: 1
--- !u!4 &8831206259997525128
Transform:
  m_ObjectHideFlags: 0
  m_CorrespondingSourceObject: {fileID: 0}
  m_PrefabInstance: {fileID: 0}
  m_PrefabAsset: {fileID: 0}
  m_GameObject: {fileID: 7896582740183856541}
  m_LocalRotation: {x: -0.10943375, y: -0.040070552, z: -0.027720148, w: 0.99279916}
  m_LocalPosition: {x: 0.046359386, y: 0.08445931, z: 0.0009366129}
  m_LocalScale: {x: 1, y: 1, z: 1}
  m_Children:
  - {fileID: 6659702827365218883}
  m_Father: {fileID: 4708245378329761565}
  m_RootOrder: 2
  m_LocalEulerAnglesHint: {x: 0, y: 0, z: 0}
--- !u!1 &7995871345331420623
GameObject:
  m_ObjectHideFlags: 0
  m_CorrespondingSourceObject: {fileID: 0}
  m_PrefabInstance: {fileID: 0}
  m_PrefabAsset: {fileID: 0}
  serializedVersion: 6
  m_Component:
  - component: {fileID: 7479165640947232191}
  m_Layer: 0
  m_Name: mixamorig6:LeftHandIndex3
  m_TagString: Untagged
  m_Icon: {fileID: 0}
  m_NavMeshLayer: 0
  m_StaticEditorFlags: 0
  m_IsActive: 1
--- !u!4 &7479165640947232191
Transform:
  m_ObjectHideFlags: 0
  m_CorrespondingSourceObject: {fileID: 0}
  m_PrefabInstance: {fileID: 0}
  m_PrefabAsset: {fileID: 0}
  m_GameObject: {fileID: 7995871345331420623}
  m_LocalRotation: {x: 0.0000340213, y: 0.000004364174, z: -0.0020613745, w: 0.9999979}
  m_LocalPosition: {x: 0.00008058662, y: -0.031142738, z: -0.0000006250572}
  m_LocalScale: {x: 1, y: 1, z: 1}
  m_Children:
  - {fileID: 6807757930613501685}
  m_Father: {fileID: 6203016673845994830}
  m_RootOrder: 0
  m_LocalEulerAnglesHint: {x: 0, y: 0, z: 0}
--- !u!1 &8020393112826848776
GameObject:
  m_ObjectHideFlags: 0
  m_CorrespondingSourceObject: {fileID: 0}
  m_PrefabInstance: {fileID: 0}
  m_PrefabAsset: {fileID: 0}
  serializedVersion: 6
  m_Component:
  - component: {fileID: 3030811618072752012}
  m_Layer: 0
  m_Name: mixamorig6:Head
  m_TagString: Untagged
  m_Icon: {fileID: 0}
  m_NavMeshLayer: 0
  m_StaticEditorFlags: 0
  m_IsActive: 1
--- !u!4 &3030811618072752012
Transform:
  m_ObjectHideFlags: 0
  m_CorrespondingSourceObject: {fileID: 0}
  m_PrefabInstance: {fileID: 0}
  m_PrefabAsset: {fileID: 0}
  m_GameObject: {fileID: 8020393112826848776}
  m_LocalRotation: {x: 0, y: -0, z: -1.2951168e-38, w: 1}
  m_LocalPosition: {x: -0, y: 0.09228294, z: 0.030156828}
  m_LocalScale: {x: 1, y: 1, z: 1}
  m_Children:
  - {fileID: 2260325876348543637}
  m_Father: {fileID: 5230881086615223363}
  m_RootOrder: 0
  m_LocalEulerAnglesHint: {x: 0, y: 0, z: 0}
--- !u!1 &8123863976477282881
GameObject:
  m_ObjectHideFlags: 0
  m_CorrespondingSourceObject: {fileID: 0}
  m_PrefabInstance: {fileID: 0}
  m_PrefabAsset: {fileID: 0}
  serializedVersion: 6
  m_Component:
  - component: {fileID: 6662898531117815531}
  m_Layer: 0
  m_Name: RightHandThumb4
  m_TagString: Untagged
  m_Icon: {fileID: 0}
  m_NavMeshLayer: 0
  m_StaticEditorFlags: 0
  m_IsActive: 1
--- !u!4 &6662898531117815531
Transform:
  m_ObjectHideFlags: 0
  m_CorrespondingSourceObject: {fileID: 0}
  m_PrefabInstance: {fileID: 0}
  m_PrefabAsset: {fileID: 0}
  m_GameObject: {fileID: 8123863976477282881}
  m_LocalRotation: {x: 0, y: -0, z: -0, w: 1}
  m_LocalPosition: {x: 0.0009757327, y: 0.03182895, z: -5.727085e-10}
  m_LocalScale: {x: 1, y: 1, z: 1}
  m_Children: []
  m_Father: {fileID: 4515203578373605592}
  m_RootOrder: 0
  m_LocalEulerAnglesHint: {x: 0, y: 0, z: 0}
--- !u!1 &8132310833345464862
GameObject:
  m_ObjectHideFlags: 0
  m_CorrespondingSourceObject: {fileID: 0}
  m_PrefabInstance: {fileID: 0}
  m_PrefabAsset: {fileID: 0}
  serializedVersion: 6
  m_Component:
  - component: {fileID: 6659702827365218883}
  m_Layer: 0
  m_Name: mixamorig6:RightHandPinky2
  m_TagString: Untagged
  m_Icon: {fileID: 0}
  m_NavMeshLayer: 0
  m_StaticEditorFlags: 0
  m_IsActive: 1
--- !u!4 &6659702827365218883
Transform:
  m_ObjectHideFlags: 0
  m_CorrespondingSourceObject: {fileID: 0}
  m_PrefabInstance: {fileID: 0}
  m_PrefabAsset: {fileID: 0}
  m_GameObject: {fileID: 8132310833345464862}
  m_LocalRotation: {x: 0.0045710225, y: -0.00041334413, z: -0.0015930673, w: 0.9999882}
  m_LocalPosition: {x: -0.00051803864, y: 0.03284238, z: 0.00032938516}
  m_LocalScale: {x: 1, y: 1, z: 1}
  m_Children:
  - {fileID: 1682395036643840740}
  m_Father: {fileID: 8831206259997525128}
  m_RootOrder: 0
  m_LocalEulerAnglesHint: {x: 0, y: 0, z: 0}
--- !u!1 &8161989702954390497
GameObject:
  m_ObjectHideFlags: 0
  m_CorrespondingSourceObject: {fileID: 0}
  m_PrefabInstance: {fileID: 0}
  m_PrefabAsset: {fileID: 0}
  serializedVersion: 6
  m_Component:
  - component: {fileID: 5017466037988608906}
  m_Layer: 0
  m_Name: mixamorig6:LeftUpLeg
  m_TagString: Untagged
  m_Icon: {fileID: 0}
  m_NavMeshLayer: 0
  m_StaticEditorFlags: 0
  m_IsActive: 1
--- !u!4 &5017466037988608906
Transform:
  m_ObjectHideFlags: 0
  m_CorrespondingSourceObject: {fileID: 0}
  m_PrefabInstance: {fileID: 0}
  m_PrefabAsset: {fileID: 0}
  m_GameObject: {fileID: 8161989702954390497}
  m_LocalRotation: {x: -0.0010287233, y: 0.012484855, z: 0.99989796, w: 0.0068728174}
  m_LocalPosition: {x: -0.07293951, y: -0.03492218, z: -0.013486591}
  m_LocalScale: {x: 1, y: 1, z: 1}
  m_Children:
  - {fileID: 953843813677312207}
  m_Father: {fileID: 4780508553256940150}
  m_RootOrder: 0
  m_LocalEulerAnglesHint: {x: 0, y: 0, z: 0}
--- !u!1 &8205747527133980054
GameObject:
  m_ObjectHideFlags: 0
  m_CorrespondingSourceObject: {fileID: 0}
  m_PrefabInstance: {fileID: 0}
  m_PrefabAsset: {fileID: 0}
  serializedVersion: 6
  m_Component:
  - component: {fileID: 1645528243393864919}
  m_Layer: 0
  m_Name: mixamorig6:RightForeArm
  m_TagString: Untagged
  m_Icon: {fileID: 0}
  m_NavMeshLayer: 0
  m_StaticEditorFlags: 0
  m_IsActive: 1
--- !u!4 &1645528243393864919
Transform:
  m_ObjectHideFlags: 0
  m_CorrespondingSourceObject: {fileID: 0}
  m_PrefabInstance: {fileID: 0}
  m_PrefabAsset: {fileID: 0}
  m_GameObject: {fileID: 8205747527133980054}
  m_LocalRotation: {x: 0.0000004380414, y: -0.001905589, z: 0.00000028263617, w: 0.9999982}
  m_LocalPosition: {x: 1.4639216e-10, y: 0.23596397, z: 0.000000001579289}
  m_LocalScale: {x: 1, y: 1, z: 1}
  m_Children:
  - {fileID: 4708245378329761565}
  m_Father: {fileID: 5792327201238083066}
  m_RootOrder: 0
  m_LocalEulerAnglesHint: {x: 0, y: 0, z: 0}
--- !u!1 &8581927110876730973
GameObject:
  m_ObjectHideFlags: 0
  m_CorrespondingSourceObject: {fileID: 0}
  m_PrefabInstance: {fileID: 0}
  m_PrefabAsset: {fileID: 0}
  serializedVersion: 6
  m_Component:
  - component: {fileID: 3355018847980136667}
  m_Layer: 0
  m_Name: mixamorig6:LeftArm
  m_TagString: Untagged
  m_Icon: {fileID: 0}
  m_NavMeshLayer: 0
  m_StaticEditorFlags: 0
  m_IsActive: 1
--- !u!4 &3355018847980136667
Transform:
  m_ObjectHideFlags: 0
  m_CorrespondingSourceObject: {fileID: 0}
  m_PrefabInstance: {fileID: 0}
  m_PrefabAsset: {fileID: 0}
  m_GameObject: {fileID: 8581927110876730973}
  m_LocalRotation: {x: -0.18568228, y: -0.005341327, z: 0.0068041496, w: 0.9825718}
  m_LocalPosition: {x: 6.428483e-12, y: 0.064353645, z: 6.859153e-12}
  m_LocalScale: {x: 1, y: 1, z: 1}
  m_Children:
  - {fileID: 4562404960428571861}
  m_Father: {fileID: 3576724250617476497}
  m_RootOrder: 0
  m_LocalEulerAnglesHint: {x: 0, y: 0, z: 0}
--- !u!1 &8661029660061204558
GameObject:
  m_ObjectHideFlags: 0
  m_CorrespondingSourceObject: {fileID: 0}
  m_PrefabInstance: {fileID: 0}
  m_PrefabAsset: {fileID: 0}
  serializedVersion: 6
  m_Component:
  - component: {fileID: 799392201214011366}
  m_Layer: 0
  m_Name: mixamorig6:RightHandIndex3
  m_TagString: Untagged
  m_Icon: {fileID: 0}
  m_NavMeshLayer: 0
  m_StaticEditorFlags: 0
  m_IsActive: 1
--- !u!4 &799392201214011366
Transform:
  m_ObjectHideFlags: 0
  m_CorrespondingSourceObject: {fileID: 0}
  m_PrefabInstance: {fileID: 0}
  m_PrefabAsset: {fileID: 0}
  m_GameObject: {fileID: 8661029660061204558}
  m_LocalRotation: {x: -0.00000018940743, y: 0.0000042133456, z: -0.0020769464, w: 0.99999785}
  m_LocalPosition: {x: -0.0000802916, y: 0.031145625, z: 8.1591467e-10}
  m_LocalScale: {x: 1, y: 1, z: 1}
  m_Children:
  - {fileID: 3699040101123558904}
  m_Father: {fileID: 3208625815573820465}
  m_RootOrder: 0
  m_LocalEulerAnglesHint: {x: 0, y: 0, z: 0}
--- !u!1 &8708780990124751972
GameObject:
  m_ObjectHideFlags: 0
  m_CorrespondingSourceObject: {fileID: 0}
  m_PrefabInstance: {fileID: 0}
  m_PrefabAsset: {fileID: 0}
  serializedVersion: 6
  m_Component:
  - component: {fileID: 3268521584398171894}
  m_Layer: 0
  m_Name: LeftHandThumb3
  m_TagString: Untagged
  m_Icon: {fileID: 0}
  m_NavMeshLayer: 0
  m_StaticEditorFlags: 0
  m_IsActive: 1
--- !u!4 &3268521584398171894
Transform:
  m_ObjectHideFlags: 0
  m_CorrespondingSourceObject: {fileID: 0}
  m_PrefabInstance: {fileID: 0}
  m_PrefabAsset: {fileID: 0}
  m_GameObject: {fileID: 8708780990124751972}
  m_LocalRotation: {x: 0.0028293326, y: 0.000702419, z: -0.02508504, w: 0.9996811}
  m_LocalPosition: {x: -0.0035887235, y: -0.0443018, z: -0.0002494095}
  m_LocalScale: {x: 1, y: 1, z: 1}
  m_Children:
  - {fileID: 1627829697752292782}
  m_Father: {fileID: 5473917594112095534}
  m_RootOrder: 0
  m_LocalEulerAnglesHint: {x: 0, y: 0, z: 0}
--- !u!1 &8746560726667183108
GameObject:
  m_ObjectHideFlags: 0
  m_CorrespondingSourceObject: {fileID: 0}
  m_PrefabInstance: {fileID: 0}
  m_PrefabAsset: {fileID: 0}
  serializedVersion: 6
  m_Component:
  - component: {fileID: 7674047454905999327}
  m_Layer: 0
  m_Name: mixamorig6:RightHandRing3
  m_TagString: Untagged
  m_Icon: {fileID: 0}
  m_NavMeshLayer: 0
  m_StaticEditorFlags: 0
  m_IsActive: 1
--- !u!4 &7674047454905999327
Transform:
  m_ObjectHideFlags: 0
  m_CorrespondingSourceObject: {fileID: 0}
  m_PrefabInstance: {fileID: 0}
  m_PrefabAsset: {fileID: 0}
  m_GameObject: {fileID: 8746560726667183108}
  m_LocalRotation: {x: -0.0037048925, y: 0.00018187227, z: 0.009089357, w: 0.99995184}
  m_LocalPosition: {x: -0.00052298914, y: 0.03226428, z: -0.0002393251}
  m_LocalScale: {x: 1, y: 1, z: 1}
  m_Children:
  - {fileID: 9114295572173899499}
  m_Father: {fileID: 7915511756304207632}
  m_RootOrder: 0
  m_LocalEulerAnglesHint: {x: 0, y: 0, z: 0}
--- !u!1 &8803813714199793453
GameObject:
  m_ObjectHideFlags: 0
  m_CorrespondingSourceObject: {fileID: 0}
  m_PrefabInstance: {fileID: 0}
  m_PrefabAsset: {fileID: 0}
  serializedVersion: 6
  m_Component:
  - component: {fileID: 6807757930613501685}
  m_Layer: 0
  m_Name: mixamorig6:LeftHandIndex4
  m_TagString: Untagged
  m_Icon: {fileID: 0}
  m_NavMeshLayer: 0
  m_StaticEditorFlags: 0
  m_IsActive: 1
--- !u!4 &6807757930613501685
Transform:
  m_ObjectHideFlags: 0
  m_CorrespondingSourceObject: {fileID: 0}
  m_PrefabInstance: {fileID: 0}
  m_PrefabAsset: {fileID: 0}
  m_GameObject: {fileID: 8803813714199793453}
  m_LocalRotation: {x: 0, y: -0, z: -0, w: 1}
  m_LocalPosition: {x: 0.00018509019, y: -0.027514206, z: 0.00000065039546}
  m_LocalScale: {x: 1, y: 1, z: 1}
  m_Children: []
  m_Father: {fileID: 7479165640947232191}
  m_RootOrder: 0
  m_LocalEulerAnglesHint: {x: 0, y: 0, z: 0}
--- !u!1 &9069280559098360043
GameObject:
  m_ObjectHideFlags: 0
  m_CorrespondingSourceObject: {fileID: 0}
  m_PrefabInstance: {fileID: 0}
  m_PrefabAsset: {fileID: 0}
  serializedVersion: 6
  m_Component:
  - component: {fileID: 4708245378329761565}
  m_Layer: 0
  m_Name: mixamorig6:RightHand
  m_TagString: Untagged
  m_Icon: {fileID: 0}
  m_NavMeshLayer: 0
  m_StaticEditorFlags: 0
  m_IsActive: 1
--- !u!4 &4708245378329761565
Transform:
  m_ObjectHideFlags: 0
  m_CorrespondingSourceObject: {fileID: 0}
  m_PrefabInstance: {fileID: 0}
  m_PrefabAsset: {fileID: 0}
  m_GameObject: {fileID: 9069280559098360043}
  m_LocalRotation: {x: 0.10619266, y: 0.13590817, z: 0.009393488, w: 0.98496896}
  m_LocalPosition: {x: -0, y: 0.21446599, z: 0}
  m_LocalScale: {x: 1, y: 1, z: 1}
  m_Children:
  - {fileID: 4538236149142157661}
  - {fileID: 8926346891872890162}
  - {fileID: 8831206259997525128}
  - {fileID: 3255201302041769293}
  - {fileID: 1424142759918535340}
  m_Father: {fileID: 1645528243393864919}
  m_RootOrder: 0
  m_LocalEulerAnglesHint: {x: 0, y: 0, z: 0}
--- !u!1 &9214498951671809719
GameObject:
  m_ObjectHideFlags: 0
  m_CorrespondingSourceObject: {fileID: 0}
  m_PrefabInstance: {fileID: 0}
  m_PrefabAsset: {fileID: 0}
  serializedVersion: 6
  m_Component:
  - component: {fileID: 953843813677312207}
  m_Layer: 0
  m_Name: mixamorig6:LeftLeg
  m_TagString: Untagged
  m_Icon: {fileID: 0}
  m_NavMeshLayer: 0
  m_StaticEditorFlags: 0
  m_IsActive: 1
--- !u!4 &953843813677312207
Transform:
  m_ObjectHideFlags: 0
  m_CorrespondingSourceObject: {fileID: 0}
  m_PrefabInstance: {fileID: 0}
  m_PrefabAsset: {fileID: 0}
  m_GameObject: {fileID: 9214498951671809719}
  m_LocalRotation: {x: -0.055509068, y: -0.00095493655, z: 0.013793584, w: 0.9983625}
  m_LocalPosition: {x: 0.0004836977, y: 0.2280897, z: 0.00045774473}
  m_LocalScale: {x: 1, y: 1, z: 1}
  m_Children:
  - {fileID: 5864829795685805034}
  m_Father: {fileID: 5017466037988608906}
  m_RootOrder: 0
  m_LocalEulerAnglesHint: {x: 0, y: 0, z: 0}
